
@article {Fan17,
    AUTHOR = {Fan, Jianqing and Liu, Han and Ning, Yang and Zou, Hui},
     TITLE = {High dimensional semiparametric latent graphical model for
              mixed data},
   JOURNAL = {J. R. Stat. Soc. Ser. B. Stat. Methodol.},
  FJOURNAL = {Journal of the Royal Statistical Society. Series B.
              Statistical Methodology},
    VOLUME = {79},
      YEAR = {2017},
    NUMBER = {2},
     PAGES = {405--421},
      ISSN = {1369-7412},
   MRCLASS = {62H12 (60E15 62G20 62H20 62J07)},
  MRNUMBER = {3611752},
       DOI = {10.1111/rssb.12168},
       URL = {https://doi-org.eaccess.ub.tum.de/10.1111/rssb.12168},
}


@article{Drasgow86,
author = {Drasgow, Fritz},
title = {Polychoric and polyserial correlations},
journal = {The Encyclopedia of Statistical Sciences},
volume = {7},
pages = {68-73},
publisher={John Wiley \& Sons, Inc.},
year = {1986}
}


@article{Pearson1900,
  title={I. Mathematical contributions to the theory of evolution.â€”VII. On the correlation of characters not quantitatively measurable},
  author={Pearson, Karl},
  journal={Philosophical Transactions of the Royal Society of London. Series A, Containing Papers of a Mathematical or Physical Character},
  volume={195},
  number={262-273},
  pages={1--47},
  year={1900},
  publisher={The Royal Society London}
}


@article {Tallis62,
    AUTHOR = {Tallis, G. M.},
     TITLE = {The maximum likelihood estimation of correlation from
              contingency tables},
   JOURNAL = {Biometrics},
  FJOURNAL = {Biometrics. Journal of the Biometric Society},
    VOLUME = {18},
      YEAR = {1962},
     PAGES = {342--353},
      ISSN = {0006-341X},
   MRCLASS = {62.95},
  MRNUMBER = {145613},
MRREVIEWER = {H. D. Brunk},
       DOI = {10.2307/2527476},
       URL = {https://doi-org.eaccess.ub.tum.de/10.2307/2527476},
}

@article{Hamdan70,
  doi = {10.2307/2334955},
  url = {https://doi.org/10.2307/2334955},
  year = {1970},
  publisher = {{JSTOR}},
  volume = {57},
  number = {1},
  pages = {212},
  author = {M. A. Hamdan},
  title = {The Equivalence of Tetrachoric and Maximum Likelihood Estimates of $\varrho$ in $2 \times 2$ Tables},
  journal = {Biometrika}
}

@article {Olsson79,
    AUTHOR = {Olsson, Ulf},
     TITLE = {Maximum likelihood estimation of the polychoric correlation
              coefficient},
   JOURNAL = {Psychometrika},
  FJOURNAL = {Psychometrika. A Journal Devoted to the Development of
              Psychology as a Quantitative Rational Science},
    VOLUME = {44},
      YEAR = {1979},
    NUMBER = {4},
     PAGES = {443--460},
      ISSN = {0033-3123},
   MRCLASS = {62H10 (62E15 62H17)},
  MRNUMBER = {554892},
MRREVIEWER = {D. G. Kabe},
       DOI = {10.1007/BF02296207},
       URL = {https://doi-org.eaccess.ub.tum.de/10.1007/BF02296207},
}

@article {Olsson82,
    AUTHOR = {Olsson, Ulf and Drasgow, Fritz and Dorans, Neil J.},
     TITLE = {The polyserial correlation coefficient},
   JOURNAL = {Psychometrika},
  FJOURNAL = {Psychometrika. A Journal Devoted to the Development of
              Psychology as a Quantitative Rational Science},
    VOLUME = {47},
      YEAR = {1982},
    NUMBER = {3},
     PAGES = {337--347},
      ISSN = {0033-3123},
   MRCLASS = {62H20},
  MRNUMBER = {678066},
       DOI = {10.1007/BF02294164},
       URL = {https://doi-org.eaccess.ub.tum.de/10.1007/BF02294164},
}
	

@article {Cox74,
    AUTHOR = {Cox, N. R.},
     TITLE = {Estimation of the correlation between a continuous and a
              discrete variable},
   JOURNAL = {Biometrics},
  FJOURNAL = {Biometrics. Journal of the Biometric Society},
    VOLUME = {30},
      YEAR = {1974},
     PAGES = {171--178},
      ISSN = {0006-341X},
   MRCLASS = {62F10},
  MRNUMBER = {334376},
MRREVIEWER = {R. H. Rodine},
       DOI = {10.2307/2529626},
       URL = {https://doi-org.eaccess.ub.tum.de/10.2307/2529626},
}

@article{Friedman08,
  doi = {10.1093/biostatistics/kxm045},
  url = {https://doi.org/10.1093/biostatistics/kxm045},
  year = {2007},
  publisher = {Oxford University Press ({OUP})},
  volume = {9},
  number = {3},
  pages = {432--441},
  author = {J. Friedman and T. Hastie and R. Tibshirani},
  title = {Sparse inverse covariance estimation with the graphical lasso},
  journal = {Biostatistics}
}

@inproceedings{Foygel10,
 author = {Foygel, Rina and Drton, Mathias},
 booktitle = {Advances in Neural Information Processing Systems},
 editor = {J. Lafferty and C. Williams and J. Shawe-Taylor and R. Zemel and A. Culotta},
 pages = {604--612},
 publisher = {Curran Associates, Inc.},
 title = {Extended Bayesian Information Criteria for {G}aussian Graphical Models},
 url = {https://proceedings.neurips.cc/paper/2010/file/072b030ba126b2f4b2374f342be9ed44-Paper.pdf},
 volume = {23},
 year = {2010}
}

@article {Tate55,
    AUTHOR = {Tate, Robert F.},
     TITLE = {The theory of correlation between two continuous variables
              when one is dichotomized},
   JOURNAL = {Biometrika},
  FJOURNAL = {Biometrika},
    VOLUME = {42},
      YEAR = {1955},
     PAGES = {205--216},
      ISSN = {0006-3444},
   MRCLASS = {62.0X},
  MRNUMBER = {70916},
MRREVIEWER = {A. Blake},
       DOI = {10.1093/biomet/42.1-2.205},
       URL = {https://doi-org.eaccess.ub.tum.de/10.1093/biomet/42.1-2.205},
}


@article{Lancaster64,
  title={Estimation of the correlation coefficient in contingency tables with possibly nonmetrical characters},
  author={Lancaster, HO and Hamdan, MA},
  journal={Psychometrika},
  volume={29},
  number={4},
  pages={383--391},
  year={1964},
  publisher={Springer}
}

@article{Pearson13,
  title={On the measurement of the influence of "broad categories" on correlation},
  author={Pearson, Karl},
  journal={Biometrika},
  volume={9},
  number={1/2},
  pages={116--139},
  year={1913},
  publisher={JSTOR}
}

@article{Joreskog94,
  title={On the estimation of polychoric correlations and their asymptotic covariance matrix},
  author={J{\"o}reskog, Karl G},
  journal={Psychometrika},
  volume={59},
  number={3},
  pages={381--389},
  year={1994},
  publisher={Springer}
}

@article {Wallentin17,
    AUTHOR = {Jin, Shaobo and Yang-Wallentin, Fan},
     TITLE = {Asymptotic robustness study of the polychoric correlation
              estimation},
   JOURNAL = {Psychometrika},
  FJOURNAL = {Psychometrika},
    VOLUME = {82},
      YEAR = {2017},
    NUMBER = {1},
     PAGES = {67--85},
      ISSN = {0033-3123},
   MRCLASS = {Expansion},
  MRNUMBER = {3614808},
       DOI = {10.1007/s11336-016-9512-2},
       URL = {https://doi-org.eaccess.ub.tum.de/10.1007/s11336-016-9512-2},
}

@ARTICLE{Gozlan10,
       author = {{Gozlan}, Nathael and {L{\'e}onard}, Christian},
        title = "{Transport Inequalities. A Survey}",
      journal = {arXiv e-prints},
     keywords = {Mathematics - Probability, Mathematics - Functional Analysis, 26D10, 60E15},
         year = 2010,
          eid = {arXiv:1003.3852},
        pages = {arXiv:1003.3852},
archivePrefix = {arXiv},
       eprint = {1003.3852},
 primaryClass = {math.PR},
       adsurl = {https://ui.adsabs.harvard.edu/abs/2010arXiv1003.3852G},
      adsnote = {Provided by the SAO/NASA Astrophysics Data System}
}

@article{Miao10,
  title={Concentration inequality of maximum likelihood estimator},
  author={Miao, Yu},
  journal={Applied Mathematics Letters},
  volume={23},
  number={10},
  pages={1305--1309},
  year={2010},
  publisher={Elsevier}
}

@article {Dempster72,
    AUTHOR = {Dempster, A. P.},
     TITLE = {Covariance selection},
   JOURNAL = {Biometrics},
  FJOURNAL = {Biometrics. Journal of the Biometric Society},
    VOLUME = {28},
      YEAR = {1972},
    NUMBER = {1},
     PAGES = {157--175},
      ISSN = {0006-341X},
   MRCLASS = {62H12 (62F30 62H05)},
  MRNUMBER = {3931974},
}

@article {dobra2004,
    AUTHOR = {Dobra, Adrian and Hans, Chris and Jones, Beatrix and Nevins,
              Joseph R. and Yao, Guang and West, Mike},
     TITLE = {Sparse graphical models for exploring gene expression data},
   JOURNAL = {J. Multivariate Anal.},
  FJOURNAL = {Journal of Multivariate Analysis},
    VOLUME = {90},
      YEAR = {2004},
    NUMBER = {1},
     PAGES = {196--212},
      ISSN = {0047-259X},
   MRCLASS = {62P10 (62-09 62D05 62F15)},
  MRNUMBER = {2064941},
       DOI = {10.1016/j.jmva.2004.02.009},
       URL = {https://doi-org.eaccess.ub.tum.de/10.1016/j.jmva.2004.02.009},
}



@article {ravikumar2010,
    AUTHOR = {Ravikumar, Pradeep and Wainwright, Martin J. and Lafferty,
              John D.},
     TITLE = {High-dimensional {I}sing model selection using
              {$\ell_1$}-regularized logistic regression},
   JOURNAL = {Ann. Statist.},
  FJOURNAL = {The Annals of Statistics},
    VOLUME = {38},
      YEAR = {2010},
    NUMBER = {3},
     PAGES = {1287--1319},
      ISSN = {0090-5364},
   MRCLASS = {62F12 (62G09 62J07 62M40 68T99)},
  MRNUMBER = {2662343},
       DOI = {10.1214/09-AOS691},
       URL = {https://doi-org.eaccess.ub.tum.de/10.1214/09-AOS691},
}

@article {Ravikumar11,
    AUTHOR = {Ravikumar, Pradeep and Wainwright, Martin J. and Raskutti,
              Garvesh and Yu, Bin},
     TITLE = {High-dimensional covariance estimation by minimizing
              {$\ell_1$}-penalized log-determinant divergence},
   JOURNAL = {Electron. J. Stat.},
  FJOURNAL = {Electronic Journal of Statistics},
    VOLUME = {5},
      YEAR = {2011},
     PAGES = {935--980},
   MRCLASS = {62H12 (05C90 62F12 62F30 62J07)},
  MRNUMBER = {2836766},
MRREVIEWER = {Xu-Qing Liu},
       DOI = {10.1214/11-EJS631},
       URL = {https://doi-org.eaccess.ub.tum.de/10.1214/11-EJS631},
}


@article {Mei18,
    AUTHOR = {Mei, Song and Bai, Yu and Montanari, Andrea},
     TITLE = {The landscape of empirical risk for nonconvex losses},
   JOURNAL = {Ann. Statist.},
  FJOURNAL = {The Annals of Statistics},
    VOLUME = {46},
      YEAR = {2018},
    NUMBER = {6A},
     PAGES = {2747--2774},
      ISSN = {0090-5364},
   MRCLASS = {62F10 (62H30 62J02)},
  MRNUMBER = {3851754},
       DOI = {10.1214/17-AOS1637},
       URL = {https://doi-org.eaccess.ub.tum.de/10.1214/17-AOS1637},
}


@article{berlin2020,
  doi = {10.1056/nejmcp2009575},
  url = {https://doi.org/10.1056/nejmcp2009575},
  year = {2020},
  publisher = {Massachusetts Medical Society},
  volume = {383},
  number = {25},
  pages = {2451--2460},
  author = {David A. Berlin and Roy M. Gulick and Fernando J. Martinez},
  editor = {Caren G. Solomon},
  title = {Severe Covid-19},
  journal = {New England Journal of Medicine}
}

@article{zhou2020,
  doi = {10.1016/s0140-6736(20)30566-3},
  url = {https://doi.org/10.1016/s0140-6736(20)30566-3},
  year = {2020},
  publisher = {Elsevier {BV}},
  volume = {395},
  number = {10229},
  pages = {1054--1062},
  author = {Fei Zhou and Ting Yu and Ronghui Du and Guohui Fan and Ying Liu and Zhibo Liu and Jie Xiang and Yeming Wang and Bin Song and Xiaoying Gu and Lulu Guan and Yuan Wei and Hui Li and Xudong Wu and Jiuyang Xu and Shengjin Tu and Yi Zhang and Hua Chen and Bin Cao},
  title = {Clinical course and risk factors for mortality of adult inpatients with {COVID}-19 in Wuhan,  China: a retrospective cohort study},
  journal = {The Lancet}
}

@article{williamson2020,
  doi = {10.1038/s41586-020-2521-4},
  url = {https://doi.org/10.1038/s41586-020-2521-4},
  year = {2020},
  publisher = {Springer Science and Business Media {LLC}},
  volume = {584},
  number = {7821},
  pages = {430--436},
  author = {Elizabeth J. Williamson and Alex J. Walker and Krishnan Bhaskaran and Seb Bacon and Chris Bates and Caroline E. Morton and Helen J. Curtis and Amir Mehrkar and David Evans and Peter Inglesby and Jonathan Cockburn and Helen I. McDonald and Brian MacKenna and Laurie Tomlinson and Ian J. Douglas and Christopher T. Rentsch and Rohini Mathur and Angel Y. S. Wong and Richard Grieve and David Harrison and Harriet Forbes and Anna Schultze and Richard Croker and John Parry and Frank Hester and Sam Harper and Rafael Perera and Stephen J. W. Evans and Liam Smeeth and Ben Goldacre},
  title = {Factors associated with {COVID}-19-related death using {OpenSAFELY}},
  journal = {Nature}
}

@article{wainwright2006,
  doi = {10.1109/tsp.2006.874409},
  url = {https://doi.org/10.1109/tsp.2006.874409},
  year = {2006},
  publisher = {Institute of Electrical and Electronics Engineers ({IEEE})},
  volume = {54},
  number = {6},
  pages = {2099--2109},
  author = {M.J. Wainwright and M.I. Jordan},
  title = {Log-determinant relaxation for approximate inference in discrete Markov random fields},
  journal = {{IEEE} Transactions on Signal Processing}
}

@article {Liu09,
    AUTHOR = {Liu, Han and Lafferty, John and Wasserman, Larry},
     TITLE = {The nonparanormal: semiparametric estimation of high
              dimensional undirected graphs},
   JOURNAL = {J. Mach. Learn. Res.},
  FJOURNAL = {Journal of Machine Learning Research (JMLR)},
    VOLUME = {10},
      YEAR = {2009},
     PAGES = {2295--2328},
      ISSN = {1532-4435},
   MRCLASS = {62G05 (62H05 62J07)},
  MRNUMBER = {2563983},
MRREVIEWER = {Yuehua Wu},
}
		

@article {Liu12,
    AUTHOR = {Liu, Han and Han, Fang and Yuan, Ming and Lafferty, John and
              Wasserman, Larry},
     TITLE = {High-dimensional semiparametric {G}aussian copula graphical
              models},
   JOURNAL = {Ann. Statist.},
  FJOURNAL = {The Annals of Statistics},
    VOLUME = {40},
      YEAR = {2012},
    NUMBER = {4},
     PAGES = {2293--2326},
      ISSN = {0090-5364},
   MRCLASS = {62G05 (62F12 62G20 62H20 62H99)},
  MRNUMBER = {3059084},
       DOI = {10.1214/12-AOS1037},
       URL = {https://doi-org.eaccess.ub.tum.de/10.1214/12-AOS1037},
}


@article {Higham88,
    AUTHOR = {Higham, Nicholas J.},
     TITLE = {Computing a nearest symmetric positive semidefinite matrix},
   JOURNAL = {Linear Algebra Appl.},
  FJOURNAL = {Linear Algebra and its Applications},
    VOLUME = {103},
      YEAR = {1988},
     PAGES = {103--118},
      ISSN = {0024-3795},
   MRCLASS = {65F30 (15A45 65F35)},
  MRNUMBER = {943997},
MRREVIEWER = {Ching-Tsuan Pan},
       DOI = {10.1016/0024-3795(88)90223-6},
       URL = {https://doi-org.eaccess.ub.tum.de/10.1016/0024-3795(88)90223-6},
}

@article {Fan12,
    AUTHOR = {Fan, Yingying and Tang, Cheng Yong},
     TITLE = {Tuning parameter selection in high dimensional penalized
              likelihood},
   JOURNAL = {J. R. Stat. Soc. Ser. B. Stat. Methodol.},
  FJOURNAL = {Journal of the Royal Statistical Society. Series B.
              Statistical Methodology},
    VOLUME = {75},
      YEAR = {2013},
    NUMBER = {3},
     PAGES = {531--552},
      ISSN = {1369-7412},
   MRCLASS = {62J12 (62J07)},
  MRNUMBER = {3065478},
       DOI = {10.1111/rssb.12001},
       URL = {https://doi-org.eaccess.ub.tum.de/10.1111/rssb.12001},
}

@article {Wang13,
    AUTHOR = {Wang, Lan and Kim, Yongdai and Li, Runze},
     TITLE = {Calibrating nonconvex penalized regression in ultra-high
              dimension},
   JOURNAL = {Ann. Statist.},
  FJOURNAL = {The Annals of Statistics},
    VOLUME = {41},
      YEAR = {2013},
    NUMBER = {5},
     PAGES = {2505--2536},
      ISSN = {0090-5364},
   MRCLASS = {62J05 (62J07)},
  MRNUMBER = {3127873},
MRREVIEWER = {Shalabh},
       DOI = {10.1214/13-AOS1159},
       URL = {https://doi-org.eaccess.ub.tum.de/10.1214/13-AOS1159},
}

@article {Schwarz78,
    AUTHOR = {Schwarz, Gideon},
     TITLE = {Estimating the dimension of a model},
   JOURNAL = {Ann. Statist.},
  FJOURNAL = {The Annals of Statistics},
    VOLUME = {6},
      YEAR = {1978},
    NUMBER = {2},
     PAGES = {461--464},
      ISSN = {0090-5364},
   MRCLASS = {62F99},
  MRNUMBER = {468014},
MRREVIEWER = {Andrew Harvey},
       URL =
              {http://links.jstor.org.eaccess.ub.tum.de/sici?sici=0090-5364(197803)6:2<461:ETDOAM>2.0.CO;2-5&origin=MSN},
}


@article{Bradley97,
  doi = {10.1016/s0031-3203(96)00142-2},
  url = {https://doi.org/10.1016/s0031-3203(96)00142-2},
  year = {1997},
  publisher = {Elsevier {BV}},
  volume = {30},
  number = {7},
  pages = {1145--1159},
  author = {Andrew P. Bradley},
  title = {The use of the area under the {ROC} curve in the evaluation of machine learning algorithms},
  journal = {Pattern Recognition}
}

@article{Hamdan68,
  doi = {10.1093/biomet/55.1.261},
  url = {https://doi.org/10.1093/biomet/55.1.261},
  year = {1968},
  publisher = {Oxford University Press ({OUP})},
  volume = {55},
  number = {1},
  pages = {261--262},
  author = {M. A. Hamdan},
  title = {On the structure of the tetrachoric series},
  journal = {Biometrika}
}

@article {Hoeffding63,
    AUTHOR = {Hoeffding, Wassily},
     TITLE = {Probability inequalities for sums of bounded random variables},
   JOURNAL = {J. Amer. Statist. Assoc.},
  FJOURNAL = {Journal of the American Statistical Association},
    VOLUME = {58},
      YEAR = {1963},
     PAGES = {13--30},
      ISSN = {0162-1459},
   MRCLASS = {60.20},
  MRNUMBER = {144363},
MRREVIEWER = {E. H. Lehman},
       URL =
              {http://links.jstor.org.eaccess.ub.tum.de/sici?sici=0162-1459(196303)58:301<13:PIFSOB>2.0.CO;2-D&origin=MSN},
}

@misc{Anne19,
  title={Graph estimation for {G}aussian data zero-inflated by double truncation}, 
  author={G\'egout-Petit Anne and Gueudin-Muller Aur\'elie and Karmann Cl\'emence},
  year={2019},
  note={arXiv:1911.07694},
  optarchivePrefix={arXiv},
  optprimaryClass={math.ST}
}

@article{Pearson09,
  doi = {10.2307/2345365},
  url = {https://doi.org/10.2307/2345365},
  year = {1909},
  publisher = {{JSTOR}},
  volume = {7},
  number = {1/2},
  pages = {96},
  author = {Karl Pearson},
  title = {On a New Method of Determining Correlation Between a Measured Character A,  and a Character B,  of which Only the Percentage of Cases Wherein B Exceeds (or Falls Short of) a Given Intensity is Recorded for Each Grade of A},
  journal = {Biometrika}
}


@article {Lord61,
    AUTHOR = {Lord, Frederic M.},
     TITLE = {Biserial estimates of correlation},
   JOURNAL = {Psychometrika},
  FJOURNAL = {Psychometrika. A Journal Devoted to the Development of
              Psychology as a Quantitative Rational Science},
    VOLUME = {28},
      YEAR = {1963},
     PAGES = {81--85},
      ISSN = {0033-3123},
   MRCLASS = {62.20},
  MRNUMBER = {165606},
       DOI = {10.1007/BF02289550},
       URL = {https://doi-org.eaccess.ub.tum.de/10.1007/BF02289550},
}

@article {Bedrick92,
    AUTHOR = {Bedrick, Edward J.},
     TITLE = {A comparison of generalized and modified sample biserial
              correlation estimators},
   JOURNAL = {Psychometrika},
  FJOURNAL = {Psychometrika. A Journal of Quantitative Psychology},
    VOLUME = {57},
      YEAR = {1992},
    NUMBER = {2},
     PAGES = {183--201},
      ISSN = {0033-3123},
   MRCLASS = {62H10 (62P15)},
  MRNUMBER = {1173589},
       DOI = {10.1007/BF02294504},
       URL = {https://doi-org.eaccess.ub.tum.de/10.1007/BF02294504},
}



@article {Bedrick96,
    AUTHOR = {Bedrick, Edward J. and Breslin, Frederick C.},
     TITLE = {Estimating the polyserial correlation coefficient},
   JOURNAL = {Psychometrika},
  FJOURNAL = {Psychometrika. A Journal of Quantitative Psychology},
    VOLUME = {61},
      YEAR = {1996},
    NUMBER = {3},
     PAGES = {427--443},
      ISSN = {0033-3123},
   MRCLASS = {62H20 (62P15)},
  MRNUMBER = {1424910},
       DOI = {10.1007/BF02294548},
       URL = {https://doi-org.eaccess.ub.tum.de/10.1007/BF02294548},
}

@article{Brogden49,
  doi = {10.1007/bf02289151},
  url = {https://doi.org/10.1007/bf02289151},
  year = {1949},
  publisher = {Springer Science and Business Media {LLC}},
  volume = {14},
  number = {3},
  pages = {169--182},
  author = {Hubert E. Brogden},
  title = {A new coefficient: Application to biserial correlation and to estimation of selective efficiency},
  journal = {Psychometrika}
}

@book{David03,
  doi = {10.1002/0471722162},
  url = {https://doi.org/10.1002/0471722162},
  year = {2003},
  publisher = {John Wiley {\&} Sons,  Inc.},
  author = {H. A. David and H. N. Nagaraja},
  title = {Order Statistics}
}

@book{Hardy52,
  title={Inequalities},
  author={Hardy, Godfrey Harold and Littlewood, John Edensor and P{\'o}lya, George and P{\'o}lya, Gy{\"o}rgy and others},
  year={1952},
  publisher={Cambridge University Press}
}

@article {Meinshausen06,
    AUTHOR = {Meinshausen, Nicolai and B\"{u}hlmann, Peter},
     TITLE = {High-dimensional graphs and variable selection with the lasso},
   JOURNAL = {Ann. Statist.},
  FJOURNAL = {The Annals of Statistics},
    VOLUME = {34},
      YEAR = {2006},
    NUMBER = {3},
     PAGES = {1436--1462},
      ISSN = {0090-5364},
   MRCLASS = {62J07 (62F12 62H20)},
  MRNUMBER = {2278363},
MRREVIEWER = {Ji\v{r}\'{\i} And\v{e}l},
       DOI = {10.1214/009053606000000281},
       URL = {https://doi-org.eaccess.ub.tum.de/10.1214/009053606000000281},
}



@article {Cai11,
    AUTHOR = {Cai, Tony and Liu, Weidong and Luo, Xi},
     TITLE = {A constrained {$\ell_1$} minimization approach to sparse
              precision matrix estimation},
   JOURNAL = {J. Amer. Statist. Assoc.},
  FJOURNAL = {Journal of the American Statistical Association},
    VOLUME = {106},
      YEAR = {2011},
    NUMBER = {494},
     PAGES = {594--607},
      ISSN = {0162-1459},
   MRCLASS = {62H12 (62F12 62J07 62P10)},
  MRNUMBER = {2847973},
MRREVIEWER = {Goetz Trenkler},
       DOI = {10.1198/jasa.2011.tm10155},
       URL = {https://doi-org.eaccess.ub.tum.de/10.1198/jasa.2011.tm10155},
}


@article {Lam09,
    AUTHOR = {Lam, Clifford and Fan, Jianqing},
     TITLE = {Sparsistency and rates of convergence in large covariance
              matrix estimation},
   JOURNAL = {Ann. Statist.},
  FJOURNAL = {The Annals of Statistics},
    VOLUME = {37},
      YEAR = {2009},
    NUMBER = {6B},
     PAGES = {4254--4278},
      ISSN = {0090-5364},
   MRCLASS = {62F12 (62H20 62J07)},
  MRNUMBER = {2572459},
MRREVIEWER = {Shalabh},
       DOI = {10.1214/09-AOS720},
       URL = {https://doi-org.eaccess.ub.tum.de/10.1214/09-AOS720},
}

@article {Yuan10,
    AUTHOR = {Yuan, Ming},
     TITLE = {High dimensional inverse covariance matrix estimation via
              linear programming},
   JOURNAL = {J. Mach. Learn. Res.},
  FJOURNAL = {Journal of Machine Learning Research (JMLR)},
    VOLUME = {11},
      YEAR = {2010},
     PAGES = {2261--2286},
      ISSN = {1532-4435},
   MRCLASS = {62H12 (15A39 62J07)},
  MRNUMBER = {2719856},
MRREVIEWER = {Goetz Trenkler},
}


@article {Miyamura06,
    AUTHOR = {Miyamura, Masashi and Kano, Yutaka},
     TITLE = {Robust {G}aussian graphical modeling},
   JOURNAL = {J. Multivariate Anal.},
  FJOURNAL = {Journal of Multivariate Analysis},
    VOLUME = {97},
      YEAR = {2006},
    NUMBER = {7},
     PAGES = {1525--1550},
      ISSN = {0047-259X},
   MRCLASS = {62F35 (62J10)},
  MRNUMBER = {2275418},
       DOI = {10.1016/j.jmva.2006.02.006},
       URL = {https://doi-org.eaccess.ub.tum.de/10.1016/j.jmva.2006.02.006},
}



@article{akbani2014,
  title={A pan-cancer proteomic perspective on The Cancer Genome Atlas},
  author={Akbani, Rehan and Ng, Patrick Kwok Shing and Werner, Henrica MJ and Shahmoradgoli, Maria and Zhang, Fan and Ju, Zhenlin and Liu, Wenbin and Yang, Ji-Yeon and Yoshihara, Kosuke and Li, Jun and others},
  journal={Nature communications},
  volume={5},
  number={1},
  pages={1--15},
  year={2014},
  publisher={Nature Publishing Group}
}


@article{monti2014,
  doi = {10.1016/j.neuroimage.2014.07.033},
  url = {https://doi.org/10.1016/j.neuroimage.2014.07.033},
  year = {2014},
  publisher = {Elsevier {BV}},
  volume = {103},
  pages = {427--443},
  author = {Ricardo Pio Monti and Peter Hellyer and David Sharp and Robert Leech and Christoforos Anagnostopoulos and Giovanni Montana},
  title = {Estimating time-varying brain connectivity networks from functional {MRI} time series},
  journal = {{NeuroImage}}
}

@article {verzelen2009,
    AUTHOR = {Verzelen, N. and Villers, F.},
     TITLE = {Tests for {G}aussian graphical models},
   JOURNAL = {Comput. Statist. Data Anal.},
  FJOURNAL = {Computational Statistics \& Data Analysis},
    VOLUME = {53},
      YEAR = {2009},
    NUMBER = {5},
     PAGES = {1894--1905},
      ISSN = {0167-9473},
   MRCLASS = {Expansion},
  MRNUMBER = {2649554},
       DOI = {10.1016/j.csda.2008.09.022},
       URL = {https://doi-org.eaccess.ub.tum.de/10.1016/j.csda.2008.09.022},
}


@misc{perrakis2021,
  note = {arXiv:1908.07869},
  
  url = {https://arxiv.org/abs/1908.07869},
  
  author = {Perrakis, Konstantinos and Lartigue, Thomas and Dondelinger, Frank and Mukherjee, Sach},
  
  keywords = {Methodology (stat.ME), FOS: Computer and information sciences, FOS: Computer and information sciences},
  
  title = {Regularized joint mixture models},
  
  publisher = {arXiv},
  
  year = {2019},
  
  copyright = {arXiv.org perpetual, non-exclusive license}
}

@article{wei2007,
  doi = {10.1093/bioinformatics/btm129},
  url = {https://doi.org/10.1093/bioinformatics/btm129},
  year = {2007},
  publisher = {Oxford University Press ({OUP})},
  volume = {23},
  number = {12},
  pages = {1537--1544},
  author = {Z. Wei and H. Li},
  title = {A Markov random field model for network-based analysis of genomic data},
  journal = {Bioinformatics}
}

@article {stadler2013,
    AUTHOR = {St\"{a}dler, Nicolas and Mukherjee, Sach},
     TITLE = {Penalized estimation in high-dimensional hidden {M}arkov
              models with state-specific graphical models},
   JOURNAL = {Ann. Appl. Stat.},
  FJOURNAL = {The Annals of Applied Statistics},
    VOLUME = {7},
      YEAR = {2013},
    NUMBER = {4},
     PAGES = {2157--2179},
      ISSN = {1932-6157},
   MRCLASS = {62J07 (62H99 62M05 62P10)},
  MRNUMBER = {3161717},
       DOI = {10.1214/13-AOAS662},
       URL = {https://doi-org.eaccess.ub.tum.de/10.1214/13-AOAS662},
}


@article {stadler2015,
    AUTHOR = {St\"{a}dler, Nicolas and Mukherjee, Sach},
     TITLE = {Multivariate gene-set testing based on graphical models},
   JOURNAL = {Biostatistics},
  FJOURNAL = {Biostatistics},
    VOLUME = {16},
      YEAR = {2015},
    NUMBER = {1},
     PAGES = {47--59},
      ISSN = {1465-4644},
   MRCLASS = {Expansion},
  MRNUMBER = {3365410},
       DOI = {10.1093/biostatistics/kxu027},
       URL = {https://doi-org.eaccess.ub.tum.de/10.1093/biostatistics/kxu027},
}

@article {Finegold11,
    AUTHOR = {Finegold, Michael and Drton, Mathias},
     TITLE = {Robust graphical modeling of gene networks using classical and
              alternative {$t$}-distributions},
   JOURNAL = {Ann. Appl. Stat.},
  FJOURNAL = {The Annals of Applied Statistics},
    VOLUME = {5},
      YEAR = {2011},
    NUMBER = {2A},
     PAGES = {1057--1080},
      ISSN = {1932-6157},
   MRCLASS = {62H20 (62-09 62H10 62H99 62P10)},
  MRNUMBER = {2840186},
MRREVIEWER = {Maria Sofia Massa},
       DOI = {10.1214/10-AOAS410},
       URL = {https://doi-org.eaccess.ub.tum.de/10.1214/10-AOAS410},
}



@book {Lauritzen96,
    AUTHOR = {Lauritzen, Steffen L.},
     TITLE = {Graphical models},
    SERIES = {Oxford Statistical Science Series},
    VOLUME = {17},
      NOTE = {Oxford Science Publications},
 PUBLISHER = {The Clarendon Press, Oxford University Press, New York},
      YEAR = {1996},
     PAGES = {x+298},
      ISBN = {0-19-852219-3},
   MRCLASS = {62-01 (05C90 60J99 62H05 62H10 62H17 68T30)},
  MRNUMBER = {1419991},
MRREVIEWER = {M. Studen\'{y}},
}

@article {Xue12,
    AUTHOR = {Xue, Lingzhou and Zou, Hui},
     TITLE = {Regularized rank-based estimation of high-dimensional
              nonparanormal graphical models},
   JOURNAL = {Ann. Statist.},
  FJOURNAL = {The Annals of Statistics},
    VOLUME = {40},
      YEAR = {2012},
    NUMBER = {5},
     PAGES = {2541--2571},
      ISSN = {0090-5364},
   MRCLASS = {62G05 (62G20 62H12 62J07)},
  MRNUMBER = {3097612},
       DOI = {10.1214/12-AOS1041},
       URL = {https://doi-org.eaccess.ub.tum.de/10.1214/12-AOS1041},
}

@article {Klaassen97,
    AUTHOR = {Klaassen, Chris A. J. and Wellner, Jon A.},
     TITLE = {Efficient estimation in the bivariate normal copula model:
              normal margins are least favourable},
   JOURNAL = {Bernoulli},
  FJOURNAL = {Bernoulli. Official Journal of the Bernoulli Society for
              Mathematical Statistics and Probability},
    VOLUME = {3},
      YEAR = {1997},
    NUMBER = {1},
     PAGES = {55--77},
      ISSN = {1350-7265},
   MRCLASS = {62G05 (62G30)},
  MRNUMBER = {1466545},
MRREVIEWER = {Jack Cuzick},
       DOI = {10.2307/3318652},
       URL = {https://doi-org.eaccess.ub.tum.de/10.2307/3318652},
}


@misc{Quan18,
  note = {arXiv: 1809.06255},
  url = {https://arxiv.org/abs/1809.06255},
  author = {Quan,  Xiaoyun and Booth,  James G. and Wells,  Martin T.},
  keywords = {Methodology (stat.ME),  FOS: Computer and information sciences,  FOS: Computer and information sciences},
  title = {Rank-based approach for estimating correlations in mixed ordinal data},
  publisher = {arXiv},
  year = {2018},
  copyright = {arXiv.org perpetual,  non-exclusive license}
}


@book {Kendall48,
    AUTHOR = {Kendall, Maurice and Gibbons, Jean Dickinson},
     TITLE = {Rank correlation methods},
    SERIES = {A Charles Griffin Title},
   EDITION = {Fifth},
 PUBLISHER = {Edward Arnold, London},
      YEAR = {1990},
     PAGES = {viii+260},
      ISBN = {0-85264-305-5},
   MRCLASS = {62G99 (62H20 62J15)},
  MRNUMBER = {1079065},
MRREVIEWER = {A. D. Gordon},
}


@article {Kruskal58,
    AUTHOR = {Kruskal, William H.},
     TITLE = {Ordinal measures of association},
   JOURNAL = {J. Amer. Statist. Assoc.},
  FJOURNAL = {Journal of the American Statistical Association},
    VOLUME = {53},
      YEAR = {1958},
     PAGES = {814--861},
      ISSN = {0162-1459},
   MRCLASS = {62.00},
  MRNUMBER = {100941},
MRREVIEWER = {W. Hoeffding},
       URL =
              {http://links.jstor.org.eaccess.ub.tum.de/sici?sici=0162-1459(195812)53:284<814:OMOA>2.0.CO;2-8&origin=MSN},
}

@article{Cai10,
  doi = {10.1214/09-aos752},
  url = {https://doi.org/10.1214/09-aos752},
  year = {2010},
  publisher = {Institute of Mathematical Statistics},
  volume = {38},
  number = {4},
  author = {T. Tony Cai and Cun-Hui Zhang and Harrison H. Zhou},
  title = {Optimal rates of convergence for covariance matrix estimation},
  journal = {The Annals of Statistics}
}



@article {Cheng17,
    AUTHOR = {Cheng, Jie and Li, Tianxi and Levina, Elizaveta and Zhu, Ji},
     TITLE = {High-dimensional mixed graphical models},
   JOURNAL = {J. Comput. Graph. Statist.},
  FJOURNAL = {Journal of Computational and Graphical Statistics},
    VOLUME = {26},
      YEAR = {2017},
    NUMBER = {2},
     PAGES = {367--378},
      ISSN = {1061-8600},
   MRCLASS = {62H99 (62G05 62J07)},
  MRNUMBER = {3640193},
       DOI = {10.1080/10618600.2016.1237362},
       URL = {https://doi-org.eaccess.ub.tum.de/10.1080/10618600.2016.1237362},
}
@article {Lee15,
    AUTHOR = {Lee, Jason D. and Hastie, Trevor J.},
     TITLE = {Learning the structure of mixed graphical models},
   JOURNAL = {J. Comput. Graph. Statist.},
  FJOURNAL = {Journal of Computational and Graphical Statistics},
    VOLUME = {24},
      YEAR = {2015},
    NUMBER = {1},
     PAGES = {230--253},
      ISSN = {1061-8600},
   MRCLASS = {62-09},
  MRNUMBER = {3328255},
       DOI = {10.1080/10618600.2014.900500},
       URL = {https://doi-org.eaccess.ub.tum.de/10.1080/10618600.2014.900500},
}

@article {Chen15,
    AUTHOR = {Chen, Shizhe and Witten, Daniela M. and Shojaie, Ali},
     TITLE = {Selection and estimation for mixed graphical models},
   JOURNAL = {Biometrika},
  FJOURNAL = {Biometrika},
    VOLUME = {102},
      YEAR = {2015},
    NUMBER = {1},
     PAGES = {47--64},
      ISSN = {0006-3444},
   MRCLASS = {62H12 (62F12 62H15)},
  MRNUMBER = {3335095},
       DOI = {10.1093/biomet/asu051},
       URL = {https://doi-org.eaccess.ub.tum.de/10.1093/biomet/asu051},
}

@article {Fellinghauer13,
    AUTHOR = {Fellinghauer, Bernd and B\"{u}hlmann, Peter and Ryffel, Martin and
              von Rhein, Michael and Reinhardt, Jan D.},
     TITLE = {Stable graphical model estimation with random forests for
              discrete, continuous, and mixed variables},
   JOURNAL = {Comput. Statist. Data Anal.},
  FJOURNAL = {Computational Statistics \& Data Analysis},
    VOLUME = {64},
      YEAR = {2013},
     PAGES = {132--152},
      ISSN = {0167-9473},
   MRCLASS = {62H99 (62J07 62P10)},
  MRNUMBER = {3061894},
       DOI = {10.1016/j.csda.2013.02.022},
       URL = {https://doi-org.eaccess.ub.tum.de/10.1016/j.csda.2013.02.022},
}

@article {Lauritzen89,
    AUTHOR = {Lauritzen, S. L. and Wermuth, N.},
     TITLE = {Graphical models for associations between variables, some of
              which are qualitative and some quantitative},
   JOURNAL = {Ann. Statist.},
  FJOURNAL = {The Annals of Statistics},
    VOLUME = {17},
      YEAR = {1989},
    NUMBER = {1},
     PAGES = {31--57},
      ISSN = {0090-5364},
   MRCLASS = {62H05 (62H10 62H17)},
  MRNUMBER = {981437},
MRREVIEWER = {Richard L. Dykstra},
       DOI = {10.1214/aos/1176347003},
       URL = {https://doi-org.eaccess.ub.tum.de/10.1214/aos/1176347003},
}


@InProceedings{Yang14,
  title = 	 {{Mixed Graphical Models via Exponential Families}},
  author = 	 {Yang, Eunho and Baker, Yulia and Ravikumar, Pradeep and Allen, Genevera and Liu, Zhandong},
  booktitle = 	 {Proceedings of the Seventeenth International Conference on Artificial Intelligence and Statistics},
  pages = 	 {1042--1050},
  year = 	 {2014},
  editor = 	 {Kaski, Samuel and Corander, Jukka},
  volume = 	 {33},
  series = 	 {Proceedings of Machine Learning Research},
  address = 	 {Reykjavik, Iceland},
  publisher =    {PMLR},
  pdf = 	 {http://proceedings.mlr.press/v33/yang14a.pdf},
  url = 	 {https://proceedings.mlr.press/v33/yang14a.html},
  abstract = 	 {Markov Random Fields, or undirected graphical models are widely used to model high-dimensional multivariate data. Classical instances of these models, such as Gaussian Graphical and Ising Models, as well as recent extensions to graphical models specified by univariate exponential families, assume all variables arise from the same distribution. Complex data from high-throughput genomics and social networking for example, often contain discrete, count, and continuous variables measured on the same set of samples. To model such heterogeneous data, we develop a \emphnovel class of mixed graphical models by specifying that each node-conditional distribution is a member of a possibly different univariate exponential family. We study several instances of our model, and propose scalable M-estimators for recovering the underlying network structure. Simulations as well as an application to learning mixed genomic networks from next generation sequencing and mutation data demonstrate the versatility of our methods.}
}


@InProceedings{Feng19,
  title = 	 {High-dimensional Mixed Graphical Model with Ordinal Data: Parameter Estimation and Statistical Inference},
  author =       {Feng, Huijie and Ning, Yang},
  booktitle = 	 {Proceedings of the Twenty-Second International Conference on Artificial Intelligence and Statistics},
  pages = 	 {654--663},
  year = 	 {2019},
  editor = 	 {Chaudhuri, Kamalika and Sugiyama, Masashi},
  volume = 	 {89},
  series = 	 {Proceedings of Machine Learning Research},
  publisher =    {PMLR},
  pdf = 	 {http://proceedings.mlr.press/v89/feng19a/feng19a.pdf},
  url = 	 {https://proceedings.mlr.press/v89/feng19a.html},
  abstract = 	 {We consider parameter estimation and statistical inference of high-dimensional undirected graphical models for mixed data comprising both ordinal and continuous variables. We propose a flexible model called Latent Mixed Gaussian Copula Model that simultaneously deals with such mixed data by assuming that the observed ordinal variables are generated by latent variables. For parameter estimation, we introduce a convenient rank-based ensemble approach to estimate the latent correlation matrix, which can be subsequently applied to recover the latent graph structure. In addition, based on the ensemble estimator, we develop test statistics via a pseudo-likelihood approach to quantify the uncertainty associated with the low dimensional components of high-dimensional parameters. Our theoretical analysis shows the consistency of the estimator and asymptotic normality of the test statistic. Experiments on simulated and real gene expression data are conducted to validate our approach.}
}

@article {Yang19,
    AUTHOR = {\textbf{}Yang, Zhuoran and Ning, Yang and Liu, Han},
     TITLE = {On semiparametric exponential family graphical models},
   JOURNAL = {J. Mach. Learn. Res.},
  FJOURNAL = {Journal of Machine Learning Research (JMLR)},
    VOLUME = {19},
      YEAR = {2018},
     PAGES = {Paper No. 57, 59},
      ISSN = {1532-4435},
   MRCLASS = {62H99 (62E15 62G10 62H12)},
  MRNUMBER = {3899759},
}

@article {Angus94,
    AUTHOR = {Angus, John E.},
     TITLE = {The probability integral transform and related results},
   JOURNAL = {SIAM Rev.},
  FJOURNAL = {SIAM Review. A Publication of the Society for Industrial and
              Applied Mathematics},
    VOLUME = {36},
      YEAR = {1994},
    NUMBER = {4},
     PAGES = {652--654},
      ISSN = {0036-1445},
   MRCLASS = {62E15},
  MRNUMBER = {1306928},
       DOI = {10.1137/1036146},
       URL = {https://doi-org.eaccess.ub.tum.de/10.1137/1036146},
}

@article {Banerjee08,
    AUTHOR = {Banerjee, Onureena and El Ghaoui, Laurent and d'Aspremont,
              Alexandre},
     TITLE = {Model selection through sparse maximum likelihood estimation
              for multivariate {G}aussian or binary data},
   JOURNAL = {J. Mach. Learn. Res.},
  FJOURNAL = {Journal of Machine Learning Research (JMLR)},
    VOLUME = {9},
      YEAR = {2008},
     PAGES = {485--516},
      ISSN = {1532-4435},
   MRCLASS = {62H30 (62G05)},
  MRNUMBER = {2417243},
MRREVIEWER = {Reza Modarres},
}

@article {Broyden1965,
    AUTHOR = {Broyden, C. G.},
     TITLE = {A class of methods for solving nonlinear simultaneous
              equations},
   JOURNAL = {Math. Comp.},
  FJOURNAL = {Mathematics of Computation},
    VOLUME = {19},
      YEAR = {1965},
     PAGES = {577--593},
      ISSN = {0025-5718,1088-6842},
   MRCLASS = {65.50},
  MRNUMBER = {198670},
MRREVIEWER = {W.\ M.\ Kincaid},
       DOI = {10.2307/2003941},
       URL = {https://doi.org/10.2307/2003941},
}